<?xml version="1.0" encoding="UTF-8"?><record xmlns="http://www.loc.gov/MARC21/slim" xmlns:cinclude="http://apache.org/cocoon/include/1.0" xmlns:zs="http://www.loc.gov/zing/srw/">
  <leader>00370nz  a2200121n  4500</leader>
  <controlfield tag="001">nb 99190672 </controlfield>
  <controlfield tag="003">DLC</controlfield>
  <controlfield tag="005">20010111053012.0</controlfield>
  <controlfield tag="008">010105n| acannaabn          |n aaa      </controlfield>
  <datafield tag="010" ind1=" " ind2=" ">
    <subfield code="a">nb 99190672 </subfield>
  </datafield>
  <datafield tag="040" ind1=" " ind2=" ">
    <subfield code="a">Uk</subfield>
    <subfield code="b">eng</subfield>
    <subfield code="c">Uk</subfield>
  </datafield>
  <datafield tag="100" ind1="1" ind2="0">
    <subfield code="a">Paul, R. C.</subfield>
  </datafield>
  <datafield tag="670" ind1=" " ind2=" ">
    <subfield code="a">Protection of human rights, 2000:</subfield>
    <subfield code="b">t.p. (R. C. Paul) jkt. (Director of 'International Institute of Humanistic Studies')</subfield>
  </datafield>
</record>